<record><leader>00000cas a2200000 a 4500</leader><controlfield tag="001">7717440</controlfield><controlfield tag="008">810901d18411842mauwr ne      0   a0eng d</controlfield><datafield ind1=" " ind2=" " tag="010"><subfield code="a">sn 91063080 </subfield></datafield><datafield ind1=" " ind2=" " tag="040"><subfield code="a">BTI</subfield><subfield code="b">eng</subfield><subfield code="c">BTI</subfield><subfield code="d">NVH</subfield><subfield code="d">OCL</subfield><subfield code="d">TFWBL</subfield><subfield code="d">OCLCF</subfield><subfield code="d">OCLCO</subfield></datafield><datafield ind1=" " ind2=" " tag="042"><subfield code="a">msc</subfield></datafield><datafield ind1=" " ind2=" " tag="090"><subfield code="a">BX9901</subfield></datafield><datafield ind1="0" ind2=" " tag="130"><subfield code="a">Star of Bethlehem (Lowell, Mass. : 1841)</subfield></datafield><datafield ind1="0" ind2="0" tag="245"><subfield code="a">Star of Bethlehem.</subfield></datafield><datafield ind1=" " ind2=" " tag="260"><subfield code="a">Lowell, Mass. :</subfield><subfield code="b">Fraternal Association,</subfield></datafield><datafield ind1=" " ind2=" " tag="300"><subfield code="a">v.</subfield></datafield><datafield ind1=" " ind2=" " tag="310"><subfield code="a">Weekly</subfield></datafield><datafield ind1="0" ind2=" " tag="362"><subfield code="a">Vol. 1, no. 1 (Jan. 2, 1841)-</subfield></datafield><datafield ind1="1" ind2=" " tag="362"><subfield code="a">Ceased in 1842.</subfield></datafield><datafield ind1=" " ind2=" " tag="500"><subfield code="a">Published simultaneously in Manchester, N.H.</subfield></datafield><datafield ind1=" " ind2="0" tag="650"><subfield code="a">Universalism</subfield><subfield code="v">Periodicals.</subfield></datafield><datafield ind1=" " ind2="0" tag="651"><subfield code="a">Lowell (Mass.)</subfield><subfield code="v">Newspapers.</subfield></datafield><datafield ind1=" " ind2="7" tag="655"><subfield code="a">Newspapers.</subfield><subfield code="2">fast</subfield><subfield code="0">(OCoLC)fst01423814</subfield></datafield><datafield ind1=" " ind2="7" tag="655"><subfield code="a">Periodicals.</subfield><subfield code="2">fast</subfield><subfield code="0">(OCoLC)fst01411641</subfield></datafield><datafield ind1=" " ind2="7" tag="650"><subfield code="a">Universalism.</subfield><subfield code="2">fast</subfield><subfield code="0">(OCoLC)fst01161574</subfield></datafield><datafield ind1=" " ind2="7" tag="651"><subfield code="a">Massachusetts</subfield><subfield code="z">Lowell.</subfield><subfield code="2">fast</subfield><subfield code="0">(OCoLC)fst01204704</subfield></datafield><datafield ind1=" " ind2=" " tag="752"><subfield code="a">United States</subfield><subfield code="b">Massachusetts</subfield><subfield code="c">Middlesex</subfield><subfield code="d">Lowell.</subfield></datafield><datafield ind1=" " ind2=" " tag="752"><subfield code="a">United States</subfield><subfield code="b">New Hampshire</subfield><subfield code="c">Hillsborough</subfield><subfield code="d">Manchester.</subfield></datafield><datafield ind1="0" ind2="7" tag="785"><subfield code="t">Trumpet and Universalist magazine (Boston, Mass. : 1828)</subfield><subfield code="w">(DLC)sn 91063179</subfield><subfield code="w">(OCoLC)7711900</subfield></datafield><datafield ind1="0" ind2="7" tag="785"><subfield code="t">Trumpet and Universalist magazine and star of Bethlehem</subfield><subfield code="w">(OCoLC)7711919</subfield></datafield></record>